%YAML 1.1
%TAG !u! tag:unity3d.com,2011:
--- !u!29 &1
OcclusionCullingSettings:
  m_ObjectHideFlags: 0
  serializedVersion: 2
  m_OcclusionBakeSettings:
    smallestOccluder: 5
    smallestHole: 0.25
    backfaceThreshold: 100
  m_SceneGUID: 00000000000000000000000000000000
  m_OcclusionCullingData: {fileID: 0}
--- !u!104 &2
RenderSettings:
  m_ObjectHideFlags: 0
  serializedVersion: 8
  m_Fog: 0
  m_FogColor: {r: 0.5, g: 0.5, b: 0.5, a: 1}
  m_FogMode: 3
  m_FogDensity: 0.01
  m_LinearFogStart: 0
  m_LinearFogEnd: 300
  m_AmbientSkyColor: {r: 0.212, g: 0.227, b: 0.259, a: 1}
  m_AmbientEquatorColor: {r: 0.114, g: 0.125, b: 0.133, a: 1}
  m_AmbientGroundColor: {r: 0.047, g: 0.043, b: 0.035, a: 1}
  m_AmbientIntensity: 1
  m_AmbientMode: 3
  m_SubtractiveShadowColor: {r: 0.42, g: 0.478, b: 0.627, a: 1}
  m_SkyboxMaterial: {fileID: 0}
  m_HaloStrength: 0.5
  m_FlareStrength: 1
  m_FlareFadeSpeed: 3
  m_HaloTexture: {fileID: 0}
  m_SpotCookie: {fileID: 10001, guid: 0000000000000000e000000000000000, type: 0}
  m_DefaultReflectionMode: 0
  m_DefaultReflectionResolution: 128
  m_ReflectionBounces: 1
  m_ReflectionIntensity: 1
  m_CustomReflection: {fileID: 0}
  m_Sun: {fileID: 0}
  m_IndirectSpecularColor: {r: 0, g: 0, b: 0, a: 1}
--- !u!157 &3
LightmapSettings:
  m_ObjectHideFlags: 0
  serializedVersion: 11
  m_GIWorkflowMode: 1
  m_GISettings:
    serializedVersion: 2
    m_BounceScale: 1
    m_IndirectOutputScale: 1
    m_AlbedoBoost: 1
    m_TemporalCoherenceThreshold: 1
    m_EnvironmentLightingMode: 0
    m_EnableBakedLightmaps: 0
    m_EnableRealtimeLightmaps: 0
  m_LightmapEditorSettings:
    serializedVersion: 9
    m_Resolution: 2
    m_BakeResolution: 40
    m_TextureWidth: 1024
    m_TextureHeight: 1024
    m_AO: 0
    m_AOMaxDistance: 1
    m_CompAOExponent: 1
    m_CompAOExponentDirect: 0
    m_Padding: 2
    m_LightmapParameters: {fileID: 0}
    m_LightmapsBakeMode: 1
    m_TextureCompression: 1
    m_FinalGather: 0
    m_FinalGatherFiltering: 1
    m_FinalGatherRayCount: 256
    m_ReflectionCompression: 2
    m_MixedBakeMode: 2
    m_BakeBackend: 0
    m_PVRSampling: 1
    m_PVRDirectSampleCount: 32
    m_PVRSampleCount: 500
    m_PVRBounces: 2
    m_PVRFiltering: 0
    m_PVRFilteringMode: 1
    m_PVRCulling: 1
    m_PVRFilteringGaussRadiusDirect: 1
    m_PVRFilteringGaussRadiusIndirect: 5
    m_PVRFilteringGaussRadiusAO: 2
    m_PVRFilteringAtrousColorSigma: 1
    m_PVRFilteringAtrousNormalSigma: 1
    m_PVRFilteringAtrousPositionSigma: 1
  m_LightingDataAsset: {fileID: 0}
  m_UseShadowmask: 1
--- !u!196 &4
NavMeshSettings:
  serializedVersion: 2
  m_ObjectHideFlags: 0
  m_BuildSettings:
    serializedVersion: 2
    agentTypeID: 0
    agentRadius: 0.5
    agentHeight: 2
    agentSlope: 45
    agentClimb: 0.4
    ledgeDropHeight: 0
    maxJumpAcrossDistance: 0
    minRegionArea: 2
    manualCellSize: 0
    cellSize: 0.16666667
    manualTileSize: 0
    tileSize: 256
    accuratePlacement: 0
  m_NavMeshData: {fileID: 0}
--- !u!4 &27218427 stripped
Transform:
  m_PrefabParentObject: {fileID: 4751700074562498, guid: b334f4f47150a0847a69599efb135536,
    type: 2}
  m_PrefabInternal: {fileID: 1129437707}
--- !u!1001 &47024549
Prefab:
  m_ObjectHideFlags: 0
  serializedVersion: 2
  m_Modification:
    m_TransformParent: {fileID: 1628117620}
    m_Modifications:
    - target: {fileID: 4299615797610690, guid: 61d5235f55a32394a82e63439aa71fab, type: 2}
      propertyPath: m_LocalPosition.x
      value: 0
      objectReference: {fileID: 0}
    - target: {fileID: 4299615797610690, guid: 61d5235f55a32394a82e63439aa71fab, type: 2}
      propertyPath: m_LocalPosition.y
      value: 0
      objectReference: {fileID: 0}
    - target: {fileID: 4299615797610690, guid: 61d5235f55a32394a82e63439aa71fab, type: 2}
      propertyPath: m_LocalPosition.z
      value: 0
      objectReference: {fileID: 0}
    - target: {fileID: 4299615797610690, guid: 61d5235f55a32394a82e63439aa71fab, type: 2}
      propertyPath: m_LocalRotation.x
      value: -0
      objectReference: {fileID: 0}
    - target: {fileID: 4299615797610690, guid: 61d5235f55a32394a82e63439aa71fab, type: 2}
      propertyPath: m_LocalRotation.y
      value: -0
      objectReference: {fileID: 0}
    - target: {fileID: 4299615797610690, guid: 61d5235f55a32394a82e63439aa71fab, type: 2}
      propertyPath: m_LocalRotation.z
      value: -0
      objectReference: {fileID: 0}
    - target: {fileID: 4299615797610690, guid: 61d5235f55a32394a82e63439aa71fab, type: 2}
      propertyPath: m_LocalRotation.w
      value: 1
      objectReference: {fileID: 0}
    - target: {fileID: 4299615797610690, guid: 61d5235f55a32394a82e63439aa71fab, type: 2}
      propertyPath: m_RootOrder
      value: 0
      objectReference: {fileID: 0}
    m_RemovedComponents: []
  m_ParentPrefab: {fileID: 100100000, guid: 61d5235f55a32394a82e63439aa71fab, type: 2}
  m_IsPrefabParent: 0
--- !u!114 &106838361 stripped
MonoBehaviour:
  m_PrefabParentObject: {fileID: 114447624762425636, guid: b334f4f47150a0847a69599efb135536,
    type: 2}
  m_PrefabInternal: {fileID: 1715664284}
  m_Script: {fileID: 11500000, guid: de969baceeb1622419f95691ed8a9404, type: 3}
--- !u!4 &122530574 stripped
Transform:
  m_PrefabParentObject: {fileID: 4458010503292738, guid: 39fece1411cca064da377be2b492be37,
    type: 2}
  m_PrefabInternal: {fileID: 1668836147}
--- !u!1 &136199592
GameObject:
  m_ObjectHideFlags: 0
  m_PrefabParentObject: {fileID: 0}
  m_PrefabInternal: {fileID: 0}
  serializedVersion: 5
  m_Component:
  - component: {fileID: 136199593}
  - component: {fileID: 136199594}
  m_Layer: 0
  m_Name: RecruitmentTest
  m_TagString: Untagged
  m_Icon: {fileID: 0}
  m_NavMeshLayer: 0
  m_StaticEditorFlags: 0
  m_IsActive: 0
--- !u!4 &136199593
Transform:
  m_ObjectHideFlags: 0
  m_PrefabParentObject: {fileID: 0}
  m_PrefabInternal: {fileID: 0}
  m_GameObject: {fileID: 136199592}
  m_LocalRotation: {x: -0, y: -0, z: -0, w: 1}
  m_LocalPosition: {x: 0, y: 0, z: 0}
  m_LocalScale: {x: 1, y: 1, z: 1}
  m_Children:
  - {fileID: 122530574}
  - {fileID: 721969252}
  m_Father: {fileID: 1251965952}
  m_RootOrder: 3
  m_LocalEulerAnglesHint: {x: 0, y: 0, z: 0}
--- !u!114 &136199594
MonoBehaviour:
  m_ObjectHideFlags: 0
  m_PrefabParentObject: {fileID: 0}
  m_PrefabInternal: {fileID: 0}
  m_GameObject: {fileID: 136199592}
  m_Enabled: 1
  m_EditorHideFlags: 0
  m_Script: {fileID: 11500000, guid: 0a7ce2accc089ba418a25981fbbb17ce, type: 3}
  m_Name: 
  m_EditorClassIdentifier: 
  recruitment: {fileID: 1309851960}
--- !u!1 &206738345
GameObject:
  m_ObjectHideFlags: 0
  m_PrefabParentObject: {fileID: 0}
  m_PrefabInternal: {fileID: 0}
  serializedVersion: 5
  m_Component:
  - component: {fileID: 206738346}
  - component: {fileID: 206738347}
  m_Layer: 0
  m_Name: Startup
  m_TagString: Untagged
  m_Icon: {fileID: 0}
  m_NavMeshLayer: 0
  m_StaticEditorFlags: 0
  m_IsActive: 1
--- !u!4 &206738346
Transform:
  m_ObjectHideFlags: 0
  m_PrefabParentObject: {fileID: 0}
  m_PrefabInternal: {fileID: 0}
  m_GameObject: {fileID: 206738345}
  m_LocalRotation: {x: 0, y: 0, z: 0, w: 1}
  m_LocalPosition: {x: 0, y: 0, z: 0}
  m_LocalScale: {x: 1, y: 1, z: 1}
  m_Children:
  - {fileID: 617882619}
  m_Father: {fileID: 1861144167}
  m_RootOrder: 0
  m_LocalEulerAnglesHint: {x: 0, y: 0, z: 0}
--- !u!114 &206738347
MonoBehaviour:
  m_ObjectHideFlags: 0
  m_PrefabParentObject: {fileID: 0}
  m_PrefabInternal: {fileID: 0}
  m_GameObject: {fileID: 206738345}
  m_Enabled: 1
  m_EditorHideFlags: 0
  m_Script: {fileID: 11500000, guid: 3488a8ee70ff8064caa4bd6a736eaa66, type: 3}
  m_Name: 
  m_EditorClassIdentifier: 
--- !u!1001 &272733897
Prefab:
  m_ObjectHideFlags: 0
  serializedVersion: 2
  m_Modification:
    m_TransformParent: {fileID: 136199593}
    m_Modifications:
    - target: {fileID: 4994152878847562, guid: f7904881ea4183c44bc30fcc160d425f, type: 2}
      propertyPath: m_LocalPosition.x
      value: 0
      objectReference: {fileID: 0}
    - target: {fileID: 4994152878847562, guid: f7904881ea4183c44bc30fcc160d425f, type: 2}
      propertyPath: m_LocalPosition.y
      value: 0
      objectReference: {fileID: 0}
    - target: {fileID: 4994152878847562, guid: f7904881ea4183c44bc30fcc160d425f, type: 2}
      propertyPath: m_LocalPosition.z
      value: 0
      objectReference: {fileID: 0}
    - target: {fileID: 4994152878847562, guid: f7904881ea4183c44bc30fcc160d425f, type: 2}
      propertyPath: m_LocalRotation.x
      value: -0
      objectReference: {fileID: 0}
    - target: {fileID: 4994152878847562, guid: f7904881ea4183c44bc30fcc160d425f, type: 2}
      propertyPath: m_LocalRotation.y
      value: -0
      objectReference: {fileID: 0}
    - target: {fileID: 4994152878847562, guid: f7904881ea4183c44bc30fcc160d425f, type: 2}
      propertyPath: m_LocalRotation.z
      value: -0
      objectReference: {fileID: 0}
    - target: {fileID: 4994152878847562, guid: f7904881ea4183c44bc30fcc160d425f, type: 2}
      propertyPath: m_LocalRotation.w
      value: 1
      objectReference: {fileID: 0}
    - target: {fileID: 4994152878847562, guid: f7904881ea4183c44bc30fcc160d425f, type: 2}
      propertyPath: m_RootOrder
      value: 1
      objectReference: {fileID: 0}
    - target: {fileID: 114303770567556900, guid: f7904881ea4183c44bc30fcc160d425f,
        type: 2}
      propertyPath: unitFactory
      value: 
      objectReference: {fileID: 888342428}
    m_RemovedComponents: []
  m_ParentPrefab: {fileID: 100100000, guid: f7904881ea4183c44bc30fcc160d425f, type: 2}
  m_IsPrefabParent: 0
--- !u!1 &276482028
GameObject:
  m_ObjectHideFlags: 0
  m_PrefabParentObject: {fileID: 0}
  m_PrefabInternal: {fileID: 0}
  serializedVersion: 5
  m_Component:
  - component: {fileID: 276482029}
  - component: {fileID: 276482030}
  m_Layer: 0
  m_Name: Strategy
  m_TagString: Untagged
  m_Icon: {fileID: 0}
  m_NavMeshLayer: 0
  m_StaticEditorFlags: 0
  m_IsActive: 1
--- !u!4 &276482029
Transform:
  m_ObjectHideFlags: 0
  m_PrefabParentObject: {fileID: 0}
  m_PrefabInternal: {fileID: 0}
  m_GameObject: {fileID: 276482028}
  m_LocalRotation: {x: -0, y: -0, z: -0, w: 1}
  m_LocalPosition: {x: 0, y: 0, z: 0}
  m_LocalScale: {x: 1, y: 1, z: 1}
  m_Children:
  - {fileID: 27218427}
  - {fileID: 1715664285}
  - {fileID: 494784823}
  - {fileID: 1488635214}
  - {fileID: 304395209}
  m_Father: {fileID: 1184756123}
  m_RootOrder: 1
  m_LocalEulerAnglesHint: {x: 0, y: 0, z: 0}
--- !u!114 &276482030
MonoBehaviour:
  m_ObjectHideFlags: 0
  m_PrefabParentObject: {fileID: 0}
  m_PrefabInternal: {fileID: 0}
  m_GameObject: {fileID: 276482028}
  m_Enabled: 1
  m_EditorHideFlags: 0
  m_Script: {fileID: 11500000, guid: 18936f7dfc27c054b8df706fc8fda3cb, type: 3}
  m_Name: 
  m_EditorClassIdentifier: 
  recruitment: {fileID: 304395211}
  encounters:
  - {fileID: 2030233273}
  - {fileID: 106838361}
  - {fileID: 453534780}
--- !u!4 &286384106 stripped
Transform:
  m_PrefabParentObject: {fileID: 4299615797610690, guid: 61d5235f55a32394a82e63439aa71fab,
    type: 2}
  m_PrefabInternal: {fileID: 47024549}
--- !u!4 &304395209 stripped
Transform:
  m_PrefabParentObject: {fileID: 4994152878847562, guid: f7904881ea4183c44bc30fcc160d425f,
    type: 2}
  m_PrefabInternal: {fileID: 2010714111}
--- !u!114 &304395211 stripped
MonoBehaviour:
  m_PrefabParentObject: {fileID: 114303770567556900, guid: f7904881ea4183c44bc30fcc160d425f,
    type: 2}
  m_PrefabInternal: {fileID: 2010714111}
  m_Script: {fileID: 11500000, guid: 8c6c92a12c0a3f444872034910f717bd, type: 3}
--- !u!1 &352759236
GameObject:
  m_ObjectHideFlags: 0
  m_PrefabParentObject: {fileID: 0}
  m_PrefabInternal: {fileID: 0}
  serializedVersion: 5
  m_Component:
  - component: {fileID: 352759237}
  - component: {fileID: 352759239}
  - component: {fileID: 352759238}
  m_Layer: 5
  m_Name: Text
  m_TagString: Untagged
  m_Icon: {fileID: 0}
  m_NavMeshLayer: 0
  m_StaticEditorFlags: 0
  m_IsActive: 1
--- !u!224 &352759237
RectTransform:
  m_ObjectHideFlags: 0
  m_PrefabParentObject: {fileID: 0}
  m_PrefabInternal: {fileID: 0}
  m_GameObject: {fileID: 352759236}
  m_LocalRotation: {x: 0, y: 0, z: 0, w: 1}
  m_LocalPosition: {x: 0, y: 0, z: 0}
  m_LocalScale: {x: 1, y: 1, z: 1}
  m_Children: []
  m_Father: {fileID: 712645432}
  m_RootOrder: 0
  m_LocalEulerAnglesHint: {x: 0, y: 0, z: 0}
  m_AnchorMin: {x: 0, y: 0}
  m_AnchorMax: {x: 1, y: 1}
  m_AnchoredPosition: {x: 0, y: 0}
  m_SizeDelta: {x: 0, y: 0}
  m_Pivot: {x: 0.5, y: 0.5}
--- !u!114 &352759238
MonoBehaviour:
  m_ObjectHideFlags: 0
  m_PrefabParentObject: {fileID: 0}
  m_PrefabInternal: {fileID: 0}
  m_GameObject: {fileID: 352759236}
  m_Enabled: 1
  m_EditorHideFlags: 0
  m_Script: {fileID: 708705254, guid: f70555f144d8491a825f0804e09c671c, type: 3}
  m_Name: 
  m_EditorClassIdentifier: 
  m_Material: {fileID: 0}
  m_Color: {r: 0.19607843, g: 0.19607843, b: 0.19607843, a: 1}
  m_RaycastTarget: 1
  m_OnCullStateChanged:
    m_PersistentCalls:
      m_Calls: []
    m_TypeName: UnityEngine.UI.MaskableGraphic+CullStateChangedEvent, UnityEngine.UI,
      Version=1.0.0.0, Culture=neutral, PublicKeyToken=null
  m_FontData:
    m_Font: {fileID: 12800000, guid: 8379f69b08282304e8107a47fc337f7d, type: 3}
    m_FontSize: 14
    m_FontStyle: 0
    m_BestFit: 0
    m_MinSize: 10
    m_MaxSize: 40
    m_Alignment: 4
    m_AlignByGeometry: 0
    m_RichText: 1
    m_HorizontalOverflow: 0
    m_VerticalOverflow: 0
    m_LineSpacing: 1
  m_Text: Summon
--- !u!222 &352759239
CanvasRenderer:
  m_ObjectHideFlags: 0
  m_PrefabParentObject: {fileID: 0}
  m_PrefabInternal: {fileID: 0}
  m_GameObject: {fileID: 352759236}
--- !u!1 &378951534
GameObject:
  m_ObjectHideFlags: 0
  m_PrefabParentObject: {fileID: 0}
  m_PrefabInternal: {fileID: 0}
  serializedVersion: 5
  m_Component:
  - component: {fileID: 378951535}
  - component: {fileID: 378951537}
  - component: {fileID: 378951536}
  m_Layer: 5
  m_Name: bottom_actions
  m_TagString: Untagged
  m_Icon: {fileID: 0}
  m_NavMeshLayer: 0
  m_StaticEditorFlags: 0
  m_IsActive: 1
--- !u!224 &378951535
RectTransform:
  m_ObjectHideFlags: 0
  m_PrefabParentObject: {fileID: 0}
  m_PrefabInternal: {fileID: 0}
  m_GameObject: {fileID: 378951534}
  m_LocalRotation: {x: 0, y: 0, z: 0, w: 1}
  m_LocalPosition: {x: 0, y: 0, z: 0}
  m_LocalScale: {x: 1, y: 1, z: 1}
  m_Children:
  - {fileID: 712645432}
  m_Father: {fileID: 1488635214}
  m_RootOrder: 0
  m_LocalEulerAnglesHint: {x: 0, y: 0, z: 0}
  m_AnchorMin: {x: 0, y: 0}
  m_AnchorMax: {x: 1, y: 0}
  m_AnchoredPosition: {x: 0, y: 0}
  m_SizeDelta: {x: 0, y: 50}
  m_Pivot: {x: 0.5, y: 0}
--- !u!114 &378951536
MonoBehaviour:
  m_ObjectHideFlags: 0
  m_PrefabParentObject: {fileID: 0}
  m_PrefabInternal: {fileID: 0}
  m_GameObject: {fileID: 378951534}
  m_Enabled: 1
  m_EditorHideFlags: 0
  m_Script: {fileID: -765806418, guid: f70555f144d8491a825f0804e09c671c, type: 3}
  m_Name: 
  m_EditorClassIdentifier: 
  m_Material: {fileID: 0}
  m_Color: {r: 0.08088237, g: 0.08088237, b: 0.08088237, a: 1}
  m_RaycastTarget: 1
  m_OnCullStateChanged:
    m_PersistentCalls:
      m_Calls: []
    m_TypeName: UnityEngine.UI.MaskableGraphic+CullStateChangedEvent, UnityEngine.UI,
      Version=1.0.0.0, Culture=neutral, PublicKeyToken=null
  m_Sprite: {fileID: 10907, guid: 0000000000000000f000000000000000, type: 0}
  m_Type: 1
  m_PreserveAspect: 0
  m_FillCenter: 1
  m_FillMethod: 4
  m_FillAmount: 1
  m_FillClockwise: 1
  m_FillOrigin: 0
--- !u!222 &378951537
CanvasRenderer:
  m_ObjectHideFlags: 0
  m_PrefabParentObject: {fileID: 0}
  m_PrefabInternal: {fileID: 0}
  m_GameObject: {fileID: 378951534}
--- !u!114 &453534780 stripped
MonoBehaviour:
  m_PrefabParentObject: {fileID: 114447624762425636, guid: b334f4f47150a0847a69599efb135536,
    type: 2}
  m_PrefabInternal: {fileID: 494784822}
  m_Script: {fileID: 11500000, guid: de969baceeb1622419f95691ed8a9404, type: 3}
--- !u!1 &482530756
GameObject:
  m_ObjectHideFlags: 0
  m_PrefabParentObject: {fileID: 0}
  m_PrefabInternal: {fileID: 0}
  serializedVersion: 5
  m_Component:
  - component: {fileID: 482530757}
  m_Layer: 0
  m_Name: UnitTest
  m_TagString: Untagged
  m_Icon: {fileID: 0}
  m_NavMeshLayer: 0
  m_StaticEditorFlags: 0
  m_IsActive: 0
--- !u!4 &482530757
Transform:
  m_ObjectHideFlags: 0
  m_PrefabParentObject: {fileID: 0}
  m_PrefabInternal: {fileID: 0}
  m_GameObject: {fileID: 482530756}
  m_LocalRotation: {x: -0, y: -0, z: -0, w: 1}
  m_LocalPosition: {x: 0, y: 0, z: 0}
  m_LocalScale: {x: 1, y: 1, z: 1}
  m_Children:
  - {fileID: 803249960}
  m_Father: {fileID: 1251965952}
  m_RootOrder: 0
  m_LocalEulerAnglesHint: {x: 0, y: 0, z: 0}
--- !u!1001 &494784822
Prefab:
  m_ObjectHideFlags: 0
  serializedVersion: 2
  m_Modification:
    m_TransformParent: {fileID: 276482029}
    m_Modifications:
    - target: {fileID: 4751700074562498, guid: b334f4f47150a0847a69599efb135536, type: 2}
      propertyPath: m_LocalPosition.x
      value: 1.24
      objectReference: {fileID: 0}
    - target: {fileID: 4751700074562498, guid: b334f4f47150a0847a69599efb135536, type: 2}
      propertyPath: m_LocalPosition.y
      value: -2.43
      objectReference: {fileID: 0}
    - target: {fileID: 4751700074562498, guid: b334f4f47150a0847a69599efb135536, type: 2}
      propertyPath: m_LocalPosition.z
      value: 0
      objectReference: {fileID: 0}
    - target: {fileID: 4751700074562498, guid: b334f4f47150a0847a69599efb135536, type: 2}
      propertyPath: m_LocalRotation.x
      value: -0
      objectReference: {fileID: 0}
    - target: {fileID: 4751700074562498, guid: b334f4f47150a0847a69599efb135536, type: 2}
      propertyPath: m_LocalRotation.y
      value: -0
      objectReference: {fileID: 0}
    - target: {fileID: 4751700074562498, guid: b334f4f47150a0847a69599efb135536, type: 2}
      propertyPath: m_LocalRotation.z
      value: -0
      objectReference: {fileID: 0}
    - target: {fileID: 4751700074562498, guid: b334f4f47150a0847a69599efb135536, type: 2}
      propertyPath: m_LocalRotation.w
      value: 1
      objectReference: {fileID: 0}
    - target: {fileID: 4751700074562498, guid: b334f4f47150a0847a69599efb135536, type: 2}
      propertyPath: m_RootOrder
      value: 2
      objectReference: {fileID: 0}
    - target: {fileID: 1901553579682354, guid: b334f4f47150a0847a69599efb135536, type: 2}
      propertyPath: m_Name
      value: Encounter (2)
      objectReference: {fileID: 0}
    - target: {fileID: 114447624762425636, guid: b334f4f47150a0847a69599efb135536,
        type: 2}
      propertyPath: Difficulty
      value: 2
      objectReference: {fileID: 0}
    - target: {fileID: 1901553579682354, guid: b334f4f47150a0847a69599efb135536, type: 2}
      propertyPath: m_IsActive
      value: 1
      objectReference: {fileID: 0}
    - target: {fileID: 114447624762425636, guid: b334f4f47150a0847a69599efb135536,
        type: 2}
      propertyPath: size
      value: 3
      objectReference: {fileID: 0}
    m_RemovedComponents: []
  m_ParentPrefab: {fileID: 100100000, guid: b334f4f47150a0847a69599efb135536, type: 2}
  m_IsPrefabParent: 0
--- !u!4 &494784823 stripped
Transform:
  m_PrefabParentObject: {fileID: 4751700074562498, guid: b334f4f47150a0847a69599efb135536,
    type: 2}
  m_PrefabInternal: {fileID: 494784822}
--- !u!1 &525917410
GameObject:
  m_ObjectHideFlags: 0
  m_PrefabParentObject: {fileID: 0}
  m_PrefabInternal: {fileID: 0}
  serializedVersion: 5
  m_Component:
  - component: {fileID: 525917413}
  - component: {fileID: 525917412}
  - component: {fileID: 525917411}
  m_Layer: 0
  m_Name: EventSystem
  m_TagString: Untagged
  m_Icon: {fileID: 0}
  m_NavMeshLayer: 0
  m_StaticEditorFlags: 0
  m_IsActive: 1
--- !u!114 &525917411
MonoBehaviour:
  m_ObjectHideFlags: 0
  m_PrefabParentObject: {fileID: 0}
  m_PrefabInternal: {fileID: 0}
  m_GameObject: {fileID: 525917410}
  m_Enabled: 1
  m_EditorHideFlags: 0
  m_Script: {fileID: 1077351063, guid: f5f67c52d1564df4a8936ccd202a3bd8, type: 3}
  m_Name: 
  m_EditorClassIdentifier: 
  m_HorizontalAxis: Horizontal
  m_VerticalAxis: Vertical
  m_SubmitButton: Submit
  m_CancelButton: Cancel
  m_InputActionsPerSecond: 10
  m_RepeatDelay: 0.5
  m_ForceModuleActive: 0
--- !u!114 &525917412
MonoBehaviour:
  m_ObjectHideFlags: 0
  m_PrefabParentObject: {fileID: 0}
  m_PrefabInternal: {fileID: 0}
  m_GameObject: {fileID: 525917410}
  m_Enabled: 1
  m_EditorHideFlags: 0
  m_Script: {fileID: -619905303, guid: f5f67c52d1564df4a8936ccd202a3bd8, type: 3}
  m_Name: 
  m_EditorClassIdentifier: 
  m_FirstSelected: {fileID: 0}
  m_sendNavigationEvents: 1
  m_DragThreshold: 5
--- !u!4 &525917413
Transform:
  m_ObjectHideFlags: 0
  m_PrefabParentObject: {fileID: 0}
  m_PrefabInternal: {fileID: 0}
  m_GameObject: {fileID: 525917410}
  m_LocalRotation: {x: 0, y: 0, z: 0, w: 1}
  m_LocalPosition: {x: 0, y: 0, z: 0}
  m_LocalScale: {x: 1, y: 1, z: 1}
  m_Children: []
  m_Father: {fileID: 0}
  m_RootOrder: 1
  m_LocalEulerAnglesHint: {x: 0, y: 0, z: 0}
--- !u!1 &613557504
GameObject:
  m_ObjectHideFlags: 0
  m_PrefabParentObject: {fileID: 0}
  m_PrefabInternal: {fileID: 0}
  serializedVersion: 5
  m_Component:
  - component: {fileID: 613557505}
  m_Layer: 0
  m_Name: BattleTest
  m_TagString: Untagged
  m_Icon: {fileID: 0}
  m_NavMeshLayer: 0
  m_StaticEditorFlags: 0
  m_IsActive: 0
--- !u!4 &613557505
Transform:
  m_ObjectHideFlags: 0
  m_PrefabParentObject: {fileID: 0}
  m_PrefabInternal: {fileID: 0}
  m_GameObject: {fileID: 613557504}
  m_LocalRotation: {x: -0, y: -0, z: -0, w: 1}
  m_LocalPosition: {x: 0, y: 0, z: 0}
  m_LocalScale: {x: 1, y: 1, z: 1}
  m_Children:
  - {fileID: 1586022105}
  m_Father: {fileID: 1251965952}
  m_RootOrder: 2
  m_LocalEulerAnglesHint: {x: 0, y: 0, z: 0}
--- !u!1 &617882618
GameObject:
  m_ObjectHideFlags: 0
  m_PrefabParentObject: {fileID: 0}
  m_PrefabInternal: {fileID: 0}
  serializedVersion: 5
  m_Component:
  - component: {fileID: 617882619}
  - component: {fileID: 617882620}
  m_Layer: 0
  m_Name: Player
  m_TagString: Untagged
  m_Icon: {fileID: 0}
  m_NavMeshLayer: 0
  m_StaticEditorFlags: 0
  m_IsActive: 1
--- !u!4 &617882619
Transform:
  m_ObjectHideFlags: 0
  m_PrefabParentObject: {fileID: 0}
  m_PrefabInternal: {fileID: 0}
  m_GameObject: {fileID: 617882618}
  m_LocalRotation: {x: 0, y: 0, z: 0, w: 1}
  m_LocalPosition: {x: 0, y: 0, z: 0}
  m_LocalScale: {x: 1, y: 1, z: 1}
  m_Children: []
  m_Father: {fileID: 206738346}
  m_RootOrder: 0
  m_LocalEulerAnglesHint: {x: 0, y: 0, z: 0}
--- !u!114 &617882620
MonoBehaviour:
  m_ObjectHideFlags: 0
  m_PrefabParentObject: {fileID: 0}
  m_PrefabInternal: {fileID: 0}
  m_GameObject: {fileID: 617882618}
  m_Enabled: 1
  m_EditorHideFlags: 0
  m_Script: {fileID: 11500000, guid: be79e0cd805e25440b78d435912f65c8, type: 3}
  m_Name: 
  m_EditorClassIdentifier: 
--- !u!1 &681986735
GameObject:
  m_ObjectHideFlags: 0
  m_PrefabParentObject: {fileID: 0}
  m_PrefabInternal: {fileID: 0}
  serializedVersion: 5
  m_Component:
  - component: {fileID: 681986736}
  m_Layer: 0
  m_Name: Units
  m_TagString: Untagged
  m_Icon: {fileID: 0}
  m_NavMeshLayer: 0
  m_StaticEditorFlags: 0
  m_IsActive: 1
--- !u!4 &681986736
Transform:
  m_ObjectHideFlags: 0
  m_PrefabParentObject: {fileID: 0}
  m_PrefabInternal: {fileID: 0}
  m_GameObject: {fileID: 681986735}
  m_LocalRotation: {x: -0, y: -0, z: -0, w: 1}
  m_LocalPosition: {x: 0, y: 0, z: 0}
  m_LocalScale: {x: 1, y: 1, z: 1}
  m_Children:
  - {fileID: 1648063296}
  - {fileID: 888342427}
  m_Father: {fileID: 1861144167}
  m_RootOrder: 3
  m_LocalEulerAnglesHint: {x: 0, y: 0, z: 0}
--- !u!1 &712645431
GameObject:
  m_ObjectHideFlags: 0
  m_PrefabParentObject: {fileID: 0}
  m_PrefabInternal: {fileID: 0}
  serializedVersion: 5
  m_Component:
  - component: {fileID: 712645432}
  - component: {fileID: 712645435}
  - component: {fileID: 712645434}
  - component: {fileID: 712645433}
  m_Layer: 5
  m_Name: Summon
  m_TagString: Untagged
  m_Icon: {fileID: 0}
  m_NavMeshLayer: 0
  m_StaticEditorFlags: 0
  m_IsActive: 1
--- !u!224 &712645432
RectTransform:
  m_ObjectHideFlags: 0
  m_PrefabParentObject: {fileID: 0}
  m_PrefabInternal: {fileID: 0}
  m_GameObject: {fileID: 712645431}
  m_LocalRotation: {x: 0, y: 0, z: 0, w: 1}
  m_LocalPosition: {x: 0, y: 0, z: 0}
  m_LocalScale: {x: 1, y: 1, z: 1}
  m_Children:
  - {fileID: 352759237}
  m_Father: {fileID: 378951535}
  m_RootOrder: 0
  m_LocalEulerAnglesHint: {x: 0, y: 0, z: 0}
  m_AnchorMin: {x: 0.5, y: 0.5}
  m_AnchorMax: {x: 0.5, y: 0.5}
  m_AnchoredPosition: {x: 0, y: 0}
  m_SizeDelta: {x: 160, y: 30}
  m_Pivot: {x: 0.5, y: 0.5}
--- !u!114 &712645433
MonoBehaviour:
  m_ObjectHideFlags: 0
  m_PrefabParentObject: {fileID: 0}
  m_PrefabInternal: {fileID: 0}
  m_GameObject: {fileID: 712645431}
  m_Enabled: 1
  m_EditorHideFlags: 0
  m_Script: {fileID: 1392445389, guid: f70555f144d8491a825f0804e09c671c, type: 3}
  m_Name: 
  m_EditorClassIdentifier: 
  m_Navigation:
    m_Mode: 3
    m_SelectOnUp: {fileID: 0}
    m_SelectOnDown: {fileID: 0}
    m_SelectOnLeft: {fileID: 0}
    m_SelectOnRight: {fileID: 0}
  m_Transition: 1
  m_Colors:
    m_NormalColor: {r: 1, g: 1, b: 1, a: 1}
    m_HighlightedColor: {r: 0.9607843, g: 0.9607843, b: 0.9607843, a: 1}
    m_PressedColor: {r: 0.78431374, g: 0.78431374, b: 0.78431374, a: 1}
    m_DisabledColor: {r: 0.78431374, g: 0.78431374, b: 0.78431374, a: 0.5019608}
    m_ColorMultiplier: 1
    m_FadeDuration: 0.1
  m_SpriteState:
    m_HighlightedSprite: {fileID: 0}
    m_PressedSprite: {fileID: 0}
    m_DisabledSprite: {fileID: 0}
  m_AnimationTriggers:
    m_NormalTrigger: Normal
    m_HighlightedTrigger: Highlighted
    m_PressedTrigger: Pressed
    m_DisabledTrigger: Disabled
  m_Interactable: 1
  m_TargetGraphic: {fileID: 712645434}
  m_OnClick:
    m_PersistentCalls:
      m_Calls:
      - m_Target: {fileID: 276482030}
        m_MethodName: ShowRecruitment
        m_Mode: 1
        m_Arguments:
          m_ObjectArgument: {fileID: 0}
          m_ObjectArgumentAssemblyTypeName: UnityEngine.Object, UnityEngine
          m_IntArgument: 0
          m_FloatArgument: 0
          m_StringArgument: 
          m_BoolArgument: 0
        m_CallState: 2
    m_TypeName: UnityEngine.UI.Button+ButtonClickedEvent, UnityEngine.UI, Version=1.0.0.0,
      Culture=neutral, PublicKeyToken=null
--- !u!114 &712645434
MonoBehaviour:
  m_ObjectHideFlags: 0
  m_PrefabParentObject: {fileID: 0}
  m_PrefabInternal: {fileID: 0}
  m_GameObject: {fileID: 712645431}
  m_Enabled: 1
  m_EditorHideFlags: 0
  m_Script: {fileID: -765806418, guid: f70555f144d8491a825f0804e09c671c, type: 3}
  m_Name: 
  m_EditorClassIdentifier: 
  m_Material: {fileID: 0}
  m_Color: {r: 1, g: 1, b: 1, a: 1}
  m_RaycastTarget: 1
  m_OnCullStateChanged:
    m_PersistentCalls:
      m_Calls: []
    m_TypeName: UnityEngine.UI.MaskableGraphic+CullStateChangedEvent, UnityEngine.UI,
      Version=1.0.0.0, Culture=neutral, PublicKeyToken=null
  m_Sprite: {fileID: 10905, guid: 0000000000000000f000000000000000, type: 0}
  m_Type: 1
  m_PreserveAspect: 0
  m_FillCenter: 1
  m_FillMethod: 4
  m_FillAmount: 1
  m_FillClockwise: 1
  m_FillOrigin: 0
--- !u!222 &712645435
CanvasRenderer:
  m_ObjectHideFlags: 0
  m_PrefabParentObject: {fileID: 0}
  m_PrefabInternal: {fileID: 0}
  m_GameObject: {fileID: 712645431}
--- !u!4 &721969252 stripped
Transform:
  m_PrefabParentObject: {fileID: 4994152878847562, guid: f7904881ea4183c44bc30fcc160d425f,
    type: 2}
  m_PrefabInternal: {fileID: 272733897}
--- !u!4 &803249960 stripped
Transform:
  m_PrefabParentObject: {fileID: 4822586366711576, guid: e184228f81bc13b498050ec37738ac12,
    type: 2}
  m_PrefabInternal: {fileID: 857337089}
--- !u!1001 &857337089
Prefab:
  m_ObjectHideFlags: 0
  serializedVersion: 2
  m_Modification:
    m_TransformParent: {fileID: 482530757}
    m_Modifications:
    - target: {fileID: 4822586366711576, guid: e184228f81bc13b498050ec37738ac12, type: 2}
      propertyPath: m_LocalPosition.x
      value: 0
      objectReference: {fileID: 0}
    - target: {fileID: 4822586366711576, guid: e184228f81bc13b498050ec37738ac12, type: 2}
      propertyPath: m_LocalPosition.y
      value: 0
      objectReference: {fileID: 0}
    - target: {fileID: 4822586366711576, guid: e184228f81bc13b498050ec37738ac12, type: 2}
      propertyPath: m_LocalPosition.z
      value: 0
      objectReference: {fileID: 0}
    - target: {fileID: 4822586366711576, guid: e184228f81bc13b498050ec37738ac12, type: 2}
      propertyPath: m_LocalRotation.x
      value: -0
      objectReference: {fileID: 0}
    - target: {fileID: 4822586366711576, guid: e184228f81bc13b498050ec37738ac12, type: 2}
      propertyPath: m_LocalRotation.y
      value: -0
      objectReference: {fileID: 0}
    - target: {fileID: 4822586366711576, guid: e184228f81bc13b498050ec37738ac12, type: 2}
      propertyPath: m_LocalRotation.z
      value: -0
      objectReference: {fileID: 0}
    - target: {fileID: 4822586366711576, guid: e184228f81bc13b498050ec37738ac12, type: 2}
      propertyPath: m_LocalRotation.w
      value: 1
      objectReference: {fileID: 0}
    - target: {fileID: 4822586366711576, guid: e184228f81bc13b498050ec37738ac12, type: 2}
      propertyPath: m_RootOrder
      value: 0
      objectReference: {fileID: 0}
    - target: {fileID: 1468484593698610, guid: e184228f81bc13b498050ec37738ac12, type: 2}
      propertyPath: m_IsActive
      value: 0
      objectReference: {fileID: 0}
    m_RemovedComponents: []
  m_ParentPrefab: {fileID: 100100000, guid: e184228f81bc13b498050ec37738ac12, type: 2}
  m_IsPrefabParent: 0
--- !u!1 &888342426
GameObject:
  m_ObjectHideFlags: 0
  m_PrefabParentObject: {fileID: 0}
  m_PrefabInternal: {fileID: 0}
  serializedVersion: 5
  m_Component:
  - component: {fileID: 888342427}
  - component: {fileID: 888342428}
  m_Layer: 0
  m_Name: UnitFactory
  m_TagString: Untagged
  m_Icon: {fileID: 0}
  m_NavMeshLayer: 0
  m_StaticEditorFlags: 0
  m_IsActive: 1
--- !u!4 &888342427
Transform:
  m_ObjectHideFlags: 0
  m_PrefabParentObject: {fileID: 0}
  m_PrefabInternal: {fileID: 0}
  m_GameObject: {fileID: 888342426}
  m_LocalRotation: {x: 0, y: 0, z: 0, w: 1}
  m_LocalPosition: {x: 0, y: 0, z: 0}
  m_LocalScale: {x: 1, y: 1, z: 1}
  m_Children: []
  m_Father: {fileID: 681986736}
  m_RootOrder: 1
  m_LocalEulerAnglesHint: {x: 0, y: 0, z: 0}
--- !u!114 &888342428
MonoBehaviour:
  m_ObjectHideFlags: 0
  m_PrefabParentObject: {fileID: 0}
  m_PrefabInternal: {fileID: 0}
  m_GameObject: {fileID: 888342426}
  m_Enabled: 1
  m_EditorHideFlags: 0
  m_Script: {fileID: 11500000, guid: 3d2072ffe25261d4e9a6c08e6f91ba0c, type: 3}
  m_Name: 
  m_EditorClassIdentifier: 
--- !u!114 &995053353 stripped
MonoBehaviour:
  m_PrefabParentObject: {fileID: 114720177206305840, guid: 61d5235f55a32394a82e63439aa71fab,
    type: 2}
  m_PrefabInternal: {fileID: 47024549}
  m_Script: {fileID: 11500000, guid: dd6c6c86d7327f9458c6d28440079c57, type: 3}
--- !u!1001 &1032308010
Prefab:
  m_ObjectHideFlags: 0
  serializedVersion: 2
  m_Modification:
    m_TransformParent: {fileID: 1058962159}
    m_Modifications:
    - target: {fileID: 4085848092356786, guid: c14ab6d576162f94eb688c387ea8b9a7, type: 2}
      propertyPath: m_LocalPosition.x
      value: 0
      objectReference: {fileID: 0}
    - target: {fileID: 4085848092356786, guid: c14ab6d576162f94eb688c387ea8b9a7, type: 2}
      propertyPath: m_LocalPosition.y
      value: 0
      objectReference: {fileID: 0}
    - target: {fileID: 4085848092356786, guid: c14ab6d576162f94eb688c387ea8b9a7, type: 2}
      propertyPath: m_LocalPosition.z
      value: 0
      objectReference: {fileID: 0}
    - target: {fileID: 4085848092356786, guid: c14ab6d576162f94eb688c387ea8b9a7, type: 2}
      propertyPath: m_LocalRotation.x
      value: -0
      objectReference: {fileID: 0}
    - target: {fileID: 4085848092356786, guid: c14ab6d576162f94eb688c387ea8b9a7, type: 2}
      propertyPath: m_LocalRotation.y
      value: -0
      objectReference: {fileID: 0}
    - target: {fileID: 4085848092356786, guid: c14ab6d576162f94eb688c387ea8b9a7, type: 2}
      propertyPath: m_LocalRotation.z
      value: -0
      objectReference: {fileID: 0}
    - target: {fileID: 4085848092356786, guid: c14ab6d576162f94eb688c387ea8b9a7, type: 2}
      propertyPath: m_LocalRotation.w
      value: 1
      objectReference: {fileID: 0}
    - target: {fileID: 4085848092356786, guid: c14ab6d576162f94eb688c387ea8b9a7, type: 2}
      propertyPath: m_RootOrder
      value: 0
      objectReference: {fileID: 0}
    - target: {fileID: 1347763414679724, guid: c14ab6d576162f94eb688c387ea8b9a7, type: 2}
      propertyPath: m_IsActive
      value: 0
      objectReference: {fileID: 0}
    - target: {fileID: 224965260611093202, guid: c14ab6d576162f94eb688c387ea8b9a7,
        type: 2}
      propertyPath: m_AnchoredPosition.y
      value: -45
      objectReference: {fileID: 0}
    - target: {fileID: 224965260611093202, guid: c14ab6d576162f94eb688c387ea8b9a7,
        type: 2}
      propertyPath: m_SizeDelta.y
      value: 50
      objectReference: {fileID: 0}
    - target: {fileID: 224281670688406834, guid: c14ab6d576162f94eb688c387ea8b9a7,
        type: 2}
      propertyPath: m_AnchoredPosition.y
      value: -100
      objectReference: {fileID: 0}
    - target: {fileID: 224281670688406834, guid: c14ab6d576162f94eb688c387ea8b9a7,
        type: 2}
      propertyPath: m_SizeDelta.y
      value: 50
      objectReference: {fileID: 0}
    - target: {fileID: 224751731418794142, guid: c14ab6d576162f94eb688c387ea8b9a7,
        type: 2}
      propertyPath: m_AnchoredPosition.y
      value: -131.5
      objectReference: {fileID: 0}
    - target: {fileID: 224751731418794142, guid: c14ab6d576162f94eb688c387ea8b9a7,
        type: 2}
      propertyPath: m_SizeDelta.y
      value: 3
      objectReference: {fileID: 0}
    - target: {fileID: 224330235073595764, guid: c14ab6d576162f94eb688c387ea8b9a7,
        type: 2}
      propertyPath: m_AnchoredPosition.y
      value: -25
      objectReference: {fileID: 0}
    - target: {fileID: 224252121329408882, guid: c14ab6d576162f94eb688c387ea8b9a7,
        type: 2}
      propertyPath: m_AnchoredPosition.y
      value: -25
      objectReference: {fileID: 0}
    - target: {fileID: 224733556427976796, guid: c14ab6d576162f94eb688c387ea8b9a7,
        type: 2}
      propertyPath: m_AnchoredPosition.y
      value: -25
      objectReference: {fileID: 0}
    - target: {fileID: 224089010357799126, guid: c14ab6d576162f94eb688c387ea8b9a7,
        type: 2}
      propertyPath: m_AnchoredPosition.y
      value: -25
      objectReference: {fileID: 0}
    - target: {fileID: 224192160008311110, guid: c14ab6d576162f94eb688c387ea8b9a7,
        type: 2}
      propertyPath: m_AnchoredPosition.y
      value: -25
      objectReference: {fileID: 0}
    - target: {fileID: 224330235073595764, guid: c14ab6d576162f94eb688c387ea8b9a7,
        type: 2}
      propertyPath: m_AnchorMin.y
      value: 1
      objectReference: {fileID: 0}
    - target: {fileID: 224330235073595764, guid: c14ab6d576162f94eb688c387ea8b9a7,
        type: 2}
      propertyPath: m_AnchorMax.y
      value: 1
      objectReference: {fileID: 0}
    - target: {fileID: 224330235073595764, guid: c14ab6d576162f94eb688c387ea8b9a7,
        type: 2}
      propertyPath: m_AnchoredPosition.x
      value: 60
      objectReference: {fileID: 0}
    - target: {fileID: 224252121329408882, guid: c14ab6d576162f94eb688c387ea8b9a7,
        type: 2}
      propertyPath: m_AnchorMin.y
      value: 1
      objectReference: {fileID: 0}
    - target: {fileID: 224252121329408882, guid: c14ab6d576162f94eb688c387ea8b9a7,
        type: 2}
      propertyPath: m_AnchorMax.y
      value: 1
      objectReference: {fileID: 0}
    - target: {fileID: 224252121329408882, guid: c14ab6d576162f94eb688c387ea8b9a7,
        type: 2}
      propertyPath: m_AnchoredPosition.x
      value: 170
      objectReference: {fileID: 0}
    - target: {fileID: 224733556427976796, guid: c14ab6d576162f94eb688c387ea8b9a7,
        type: 2}
      propertyPath: m_AnchorMin.y
      value: 1
      objectReference: {fileID: 0}
    - target: {fileID: 224733556427976796, guid: c14ab6d576162f94eb688c387ea8b9a7,
        type: 2}
      propertyPath: m_AnchorMax.y
      value: 1
      objectReference: {fileID: 0}
    - target: {fileID: 224733556427976796, guid: c14ab6d576162f94eb688c387ea8b9a7,
        type: 2}
      propertyPath: m_AnchoredPosition.x
      value: 280
      objectReference: {fileID: 0}
    - target: {fileID: 224089010357799126, guid: c14ab6d576162f94eb688c387ea8b9a7,
        type: 2}
      propertyPath: m_AnchorMin.y
      value: 1
      objectReference: {fileID: 0}
    - target: {fileID: 224089010357799126, guid: c14ab6d576162f94eb688c387ea8b9a7,
        type: 2}
      propertyPath: m_AnchorMax.y
      value: 1
      objectReference: {fileID: 0}
    - target: {fileID: 224089010357799126, guid: c14ab6d576162f94eb688c387ea8b9a7,
        type: 2}
      propertyPath: m_AnchoredPosition.x
      value: 60
      objectReference: {fileID: 0}
    - target: {fileID: 224192160008311110, guid: c14ab6d576162f94eb688c387ea8b9a7,
        type: 2}
      propertyPath: m_AnchorMin.y
      value: 1
      objectReference: {fileID: 0}
    - target: {fileID: 224192160008311110, guid: c14ab6d576162f94eb688c387ea8b9a7,
        type: 2}
      propertyPath: m_AnchorMax.y
      value: 1
      objectReference: {fileID: 0}
    - target: {fileID: 224192160008311110, guid: c14ab6d576162f94eb688c387ea8b9a7,
        type: 2}
      propertyPath: m_AnchoredPosition.x
      value: 170
      objectReference: {fileID: 0}
    - target: {fileID: 224965260611093202, guid: c14ab6d576162f94eb688c387ea8b9a7,
        type: 2}
      propertyPath: m_AnchorMin.y
      value: 1
      objectReference: {fileID: 0}
    - target: {fileID: 224965260611093202, guid: c14ab6d576162f94eb688c387ea8b9a7,
        type: 2}
      propertyPath: m_AnchorMax.y
      value: 1
      objectReference: {fileID: 0}
    - target: {fileID: 224965260611093202, guid: c14ab6d576162f94eb688c387ea8b9a7,
        type: 2}
      propertyPath: m_AnchoredPosition.x
      value: 180
      objectReference: {fileID: 0}
    - target: {fileID: 224965260611093202, guid: c14ab6d576162f94eb688c387ea8b9a7,
        type: 2}
      propertyPath: m_SizeDelta.x
      value: 340
      objectReference: {fileID: 0}
    - target: {fileID: 224281670688406834, guid: c14ab6d576162f94eb688c387ea8b9a7,
        type: 2}
      propertyPath: m_AnchorMin.y
      value: 1
      objectReference: {fileID: 0}
    - target: {fileID: 224281670688406834, guid: c14ab6d576162f94eb688c387ea8b9a7,
        type: 2}
      propertyPath: m_AnchorMax.y
      value: 1
      objectReference: {fileID: 0}
    - target: {fileID: 224281670688406834, guid: c14ab6d576162f94eb688c387ea8b9a7,
        type: 2}
      propertyPath: m_AnchoredPosition.x
      value: 125
      objectReference: {fileID: 0}
    - target: {fileID: 224281670688406834, guid: c14ab6d576162f94eb688c387ea8b9a7,
        type: 2}
      propertyPath: m_SizeDelta.x
      value: 230
      objectReference: {fileID: 0}
    - target: {fileID: 224751731418794142, guid: c14ab6d576162f94eb688c387ea8b9a7,
        type: 2}
      propertyPath: m_AnchorMin.y
      value: 1
      objectReference: {fileID: 0}
    - target: {fileID: 224751731418794142, guid: c14ab6d576162f94eb688c387ea8b9a7,
        type: 2}
      propertyPath: m_AnchorMax.y
      value: 1
      objectReference: {fileID: 0}
    - target: {fileID: 224751731418794142, guid: c14ab6d576162f94eb688c387ea8b9a7,
        type: 2}
      propertyPath: m_AnchoredPosition.x
      value: 180
      objectReference: {fileID: 0}
    - target: {fileID: 224751731418794142, guid: c14ab6d576162f94eb688c387ea8b9a7,
        type: 2}
      propertyPath: m_SizeDelta.x
      value: 340
      objectReference: {fileID: 0}
    m_RemovedComponents: []
  m_ParentPrefab: {fileID: 100100000, guid: c14ab6d576162f94eb688c387ea8b9a7, type: 2}
  m_IsPrefabParent: 0
--- !u!1 &1058962158
GameObject:
  m_ObjectHideFlags: 0
  m_PrefabParentObject: {fileID: 0}
  m_PrefabInternal: {fileID: 0}
  serializedVersion: 5
  m_Component:
  - component: {fileID: 1058962159}
  m_Layer: 0
  m_Name: Tactical
  m_TagString: Untagged
  m_Icon: {fileID: 0}
  m_NavMeshLayer: 0
  m_StaticEditorFlags: 0
  m_IsActive: 1
--- !u!4 &1058962159
Transform:
  m_ObjectHideFlags: 0
  m_PrefabParentObject: {fileID: 0}
  m_PrefabInternal: {fileID: 0}
  m_GameObject: {fileID: 1058962158}
  m_LocalRotation: {x: -0, y: -0, z: -0, w: 1}
  m_LocalPosition: {x: 0, y: 0, z: 0}
  m_LocalScale: {x: 1, y: 1, z: 1}
  m_Children:
  - {fileID: 1710230263}
  m_Father: {fileID: 1184756123}
  m_RootOrder: 0
  m_LocalEulerAnglesHint: {x: 0, y: 0, z: 0}
--- !u!1001 &1129437707
Prefab:
  m_ObjectHideFlags: 0
  serializedVersion: 2
  m_Modification:
    m_TransformParent: {fileID: 276482029}
    m_Modifications:
    - target: {fileID: 4751700074562498, guid: b334f4f47150a0847a69599efb135536, type: 2}
      propertyPath: m_LocalPosition.x
      value: -4.08
      objectReference: {fileID: 0}
    - target: {fileID: 4751700074562498, guid: b334f4f47150a0847a69599efb135536, type: 2}
      propertyPath: m_LocalPosition.y
      value: 1.98
      objectReference: {fileID: 0}
    - target: {fileID: 4751700074562498, guid: b334f4f47150a0847a69599efb135536, type: 2}
      propertyPath: m_LocalPosition.z
      value: 0
      objectReference: {fileID: 0}
    - target: {fileID: 4751700074562498, guid: b334f4f47150a0847a69599efb135536, type: 2}
      propertyPath: m_LocalRotation.x
      value: -0
      objectReference: {fileID: 0}
    - target: {fileID: 4751700074562498, guid: b334f4f47150a0847a69599efb135536, type: 2}
      propertyPath: m_LocalRotation.y
      value: -0
      objectReference: {fileID: 0}
    - target: {fileID: 4751700074562498, guid: b334f4f47150a0847a69599efb135536, type: 2}
      propertyPath: m_LocalRotation.z
      value: -0
      objectReference: {fileID: 0}
    - target: {fileID: 4751700074562498, guid: b334f4f47150a0847a69599efb135536, type: 2}
      propertyPath: m_LocalRotation.w
      value: 1
      objectReference: {fileID: 0}
    - target: {fileID: 4751700074562498, guid: b334f4f47150a0847a69599efb135536, type: 2}
      propertyPath: m_RootOrder
      value: 0
      objectReference: {fileID: 0}
    - target: {fileID: 1901553579682354, guid: b334f4f47150a0847a69599efb135536, type: 2}
      propertyPath: m_IsActive
      value: 1
      objectReference: {fileID: 0}
    m_RemovedComponents: []
  m_ParentPrefab: {fileID: 100100000, guid: b334f4f47150a0847a69599efb135536, type: 2}
  m_IsPrefabParent: 0
--- !u!1 &1169001141
GameObject:
  m_ObjectHideFlags: 0
  m_PrefabParentObject: {fileID: 0}
  m_PrefabInternal: {fileID: 0}
  serializedVersion: 5
  m_Component:
  - component: {fileID: 1169001146}
  - component: {fileID: 1169001145}
  - component: {fileID: 1169001144}
  - component: {fileID: 1169001143}
  - component: {fileID: 1169001142}
  m_Layer: 0
  m_Name: Main Camera
  m_TagString: MainCamera
  m_Icon: {fileID: 0}
  m_NavMeshLayer: 0
  m_StaticEditorFlags: 0
  m_IsActive: 1
--- !u!81 &1169001142
AudioListener:
  m_ObjectHideFlags: 0
  m_PrefabParentObject: {fileID: 0}
  m_PrefabInternal: {fileID: 0}
  m_GameObject: {fileID: 1169001141}
  m_Enabled: 1
--- !u!124 &1169001143
Behaviour:
  m_ObjectHideFlags: 0
  m_PrefabParentObject: {fileID: 0}
  m_PrefabInternal: {fileID: 0}
  m_GameObject: {fileID: 1169001141}
  m_Enabled: 1
--- !u!92 &1169001144
Behaviour:
  m_ObjectHideFlags: 0
  m_PrefabParentObject: {fileID: 0}
  m_PrefabInternal: {fileID: 0}
  m_GameObject: {fileID: 1169001141}
  m_Enabled: 1
--- !u!20 &1169001145
Camera:
  m_ObjectHideFlags: 0
  m_PrefabParentObject: {fileID: 0}
  m_PrefabInternal: {fileID: 0}
  m_GameObject: {fileID: 1169001141}
  m_Enabled: 1
  serializedVersion: 2
  m_ClearFlags: 1
  m_BackGroundColor: {r: 0.016219724, g: 0.038506825, b: 0.07352942, a: 0}
  m_NormalizedViewPortRect:
    serializedVersion: 2
    x: 0
    y: 0
    width: 1
    height: 1
  near clip plane: 0.3
  far clip plane: 1000
  field of view: 60
  orthographic: 1
  orthographic size: 7
  m_Depth: -1
  m_CullingMask:
    serializedVersion: 2
    m_Bits: 4294967295
  m_RenderingPath: -1
  m_TargetTexture: {fileID: 0}
  m_TargetDisplay: 0
  m_TargetEye: 3
  m_HDR: 1
  m_AllowMSAA: 1
  m_ForceIntoRT: 0
  m_OcclusionCulling: 1
  m_StereoConvergence: 10
  m_StereoSeparation: 0.022
  m_StereoMirrorMode: 0
--- !u!4 &1169001146
Transform:
  m_ObjectHideFlags: 0
  m_PrefabParentObject: {fileID: 0}
  m_PrefabInternal: {fileID: 0}
  m_GameObject: {fileID: 1169001141}
  m_LocalRotation: {x: 0, y: 0, z: 0, w: 1}
  m_LocalPosition: {x: 0, y: 0, z: -10}
  m_LocalScale: {x: 1, y: 1, z: 1}
  m_Children: []
  m_Father: {fileID: 0}
  m_RootOrder: 0
  m_LocalEulerAnglesHint: {x: 0, y: 0, z: 0}
--- !u!1 &1184756122
GameObject:
  m_ObjectHideFlags: 0
  m_PrefabParentObject: {fileID: 0}
  m_PrefabInternal: {fileID: 0}
  serializedVersion: 5
  m_Component:
  - component: {fileID: 1184756123}
  m_Layer: 0
  m_Name: View
  m_TagString: Untagged
  m_Icon: {fileID: 0}
  m_NavMeshLayer: 0
  m_StaticEditorFlags: 0
  m_IsActive: 1
--- !u!4 &1184756123
Transform:
  m_ObjectHideFlags: 0
  m_PrefabParentObject: {fileID: 0}
  m_PrefabInternal: {fileID: 0}
  m_GameObject: {fileID: 1184756122}
  m_LocalRotation: {x: 0, y: 0, z: 0, w: 1}
  m_LocalPosition: {x: 0, y: -0.35, z: 0}
  m_LocalScale: {x: 1, y: 1, z: 1}
  m_Children:
  - {fileID: 1058962159}
  - {fileID: 276482029}
  - {fileID: 1209958560}
  m_Father: {fileID: 0}
  m_RootOrder: 3
  m_LocalEulerAnglesHint: {x: 0, y: 0, z: 0}
--- !u!1 &1209958559
GameObject:
  m_ObjectHideFlags: 0
  m_PrefabParentObject: {fileID: 0}
  m_PrefabInternal: {fileID: 0}
  serializedVersion: 5
  m_Component:
  - component: {fileID: 1209958560}
  - component: {fileID: 1209958561}
  m_Layer: 0
  m_Name: Game
  m_TagString: Untagged
  m_Icon: {fileID: 0}
  m_NavMeshLayer: 0
  m_StaticEditorFlags: 0
  m_IsActive: 1
--- !u!4 &1209958560
Transform:
  m_ObjectHideFlags: 0
  m_PrefabParentObject: {fileID: 0}
  m_PrefabInternal: {fileID: 0}
  m_GameObject: {fileID: 1209958559}
  m_LocalRotation: {x: -0, y: -0, z: -0, w: 1}
  m_LocalPosition: {x: -0.67922944, y: 1.6886677, z: 0}
  m_LocalScale: {x: 1, y: 1, z: 1}
  m_Children: []
  m_Father: {fileID: 1184756123}
  m_RootOrder: 2
  m_LocalEulerAnglesHint: {x: 0, y: 0, z: 0}
--- !u!114 &1209958561
MonoBehaviour:
  m_ObjectHideFlags: 0
  m_PrefabParentObject: {fileID: 0}
  m_PrefabInternal: {fileID: 0}
  m_GameObject: {fileID: 1209958559}
  m_Enabled: 1
  m_EditorHideFlags: 0
  m_Script: {fileID: 11500000, guid: 3115fd5e47aa46440a533ab29dfbf8ad, type: 3}
  m_Name: 
  m_EditorClassIdentifier: 
  BattleController: {fileID: 1678572921}
  StrategyController: {fileID: 276482030}
--- !u!1001 &1231149374
Prefab:
  m_ObjectHideFlags: 0
  serializedVersion: 2
  m_Modification:
    m_TransformParent: {fileID: 681986736}
    m_Modifications:
    - target: {fileID: 4391260798104594, guid: 9cdda7812baa287408c0fd61b2385d31, type: 2}
      propertyPath: m_LocalPosition.x
      value: 0
      objectReference: {fileID: 0}
    - target: {fileID: 4391260798104594, guid: 9cdda7812baa287408c0fd61b2385d31, type: 2}
      propertyPath: m_LocalPosition.y
      value: 0
      objectReference: {fileID: 0}
    - target: {fileID: 4391260798104594, guid: 9cdda7812baa287408c0fd61b2385d31, type: 2}
      propertyPath: m_LocalPosition.z
      value: 0
      objectReference: {fileID: 0}
    - target: {fileID: 4391260798104594, guid: 9cdda7812baa287408c0fd61b2385d31, type: 2}
      propertyPath: m_LocalRotation.x
      value: 0
      objectReference: {fileID: 0}
    - target: {fileID: 4391260798104594, guid: 9cdda7812baa287408c0fd61b2385d31, type: 2}
      propertyPath: m_LocalRotation.y
      value: 0
      objectReference: {fileID: 0}
    - target: {fileID: 4391260798104594, guid: 9cdda7812baa287408c0fd61b2385d31, type: 2}
      propertyPath: m_LocalRotation.z
      value: 0
      objectReference: {fileID: 0}
    - target: {fileID: 4391260798104594, guid: 9cdda7812baa287408c0fd61b2385d31, type: 2}
      propertyPath: m_LocalRotation.w
      value: 1
      objectReference: {fileID: 0}
    - target: {fileID: 4391260798104594, guid: 9cdda7812baa287408c0fd61b2385d31, type: 2}
      propertyPath: m_RootOrder
      value: 0
      objectReference: {fileID: 0}
    m_RemovedComponents: []
  m_ParentPrefab: {fileID: 100100000, guid: 9cdda7812baa287408c0fd61b2385d31, type: 2}
  m_IsPrefabParent: 0
--- !u!1 &1251965951
GameObject:
  m_ObjectHideFlags: 0
  m_PrefabParentObject: {fileID: 0}
  m_PrefabInternal: {fileID: 0}
  serializedVersion: 5
  m_Component:
  - component: {fileID: 1251965952}
  m_Layer: 0
  m_Name: Testing
  m_TagString: Untagged
  m_Icon: {fileID: 0}
  m_NavMeshLayer: 0
  m_StaticEditorFlags: 0
  m_IsActive: 1
--- !u!4 &1251965952
Transform:
  m_ObjectHideFlags: 0
  m_PrefabParentObject: {fileID: 0}
  m_PrefabInternal: {fileID: 0}
  m_GameObject: {fileID: 1251965951}
  m_LocalRotation: {x: -0, y: -0, z: -0, w: 1}
  m_LocalPosition: {x: 0, y: 0, z: 0}
  m_LocalScale: {x: 1, y: 1, z: 1}
  m_Children:
  - {fileID: 482530757}
  - {fileID: 1628117620}
  - {fileID: 613557505}
  - {fileID: 136199593}
  - {fileID: 1557849929}
  m_Father: {fileID: 0}
  m_RootOrder: 2
  m_LocalEulerAnglesHint: {x: 0, y: 0, z: 0}
--- !u!114 &1309851960 stripped
MonoBehaviour:
  m_PrefabParentObject: {fileID: 114303770567556900, guid: f7904881ea4183c44bc30fcc160d425f,
    type: 2}
  m_PrefabInternal: {fileID: 272733897}
  m_Script: {fileID: 11500000, guid: 8c6c92a12c0a3f444872034910f717bd, type: 3}
--- !u!1 &1488635213
GameObject:
  m_ObjectHideFlags: 0
  m_PrefabParentObject: {fileID: 0}
  m_PrefabInternal: {fileID: 0}
  serializedVersion: 5
  m_Component:
  - component: {fileID: 1488635214}
  - component: {fileID: 1488635217}
  - component: {fileID: 1488635216}
  - component: {fileID: 1488635215}
  m_Layer: 5
  m_Name: HUD
  m_TagString: Untagged
  m_Icon: {fileID: 0}
  m_NavMeshLayer: 0
  m_StaticEditorFlags: 0
  m_IsActive: 1
--- !u!224 &1488635214
RectTransform:
  m_ObjectHideFlags: 0
  m_PrefabParentObject: {fileID: 0}
  m_PrefabInternal: {fileID: 0}
  m_GameObject: {fileID: 1488635213}
  m_LocalRotation: {x: 0, y: 0, z: 0, w: 1}
  m_LocalPosition: {x: 0, y: 0, z: 0}
  m_LocalScale: {x: 0, y: 0, z: 0}
  m_Children:
  - {fileID: 378951535}
  m_Father: {fileID: 276482029}
  m_RootOrder: 3
  m_LocalEulerAnglesHint: {x: 0, y: 0, z: 0}
  m_AnchorMin: {x: 0, y: 0}
  m_AnchorMax: {x: 0, y: 0}
  m_AnchoredPosition: {x: 0, y: 0}
  m_SizeDelta: {x: 0, y: 0}
  m_Pivot: {x: 0, y: 0}
--- !u!114 &1488635215
MonoBehaviour:
  m_ObjectHideFlags: 0
  m_PrefabParentObject: {fileID: 0}
  m_PrefabInternal: {fileID: 0}
  m_GameObject: {fileID: 1488635213}
  m_Enabled: 1
  m_EditorHideFlags: 0
  m_Script: {fileID: 1301386320, guid: f70555f144d8491a825f0804e09c671c, type: 3}
  m_Name: 
  m_EditorClassIdentifier: 
  m_IgnoreReversedGraphics: 1
  m_BlockingObjects: 0
  m_BlockingMask:
    serializedVersion: 2
    m_Bits: 4294967295
--- !u!114 &1488635216
MonoBehaviour:
  m_ObjectHideFlags: 0
  m_PrefabParentObject: {fileID: 0}
  m_PrefabInternal: {fileID: 0}
  m_GameObject: {fileID: 1488635213}
  m_Enabled: 1
  m_EditorHideFlags: 0
  m_Script: {fileID: 1980459831, guid: f70555f144d8491a825f0804e09c671c, type: 3}
  m_Name: 
  m_EditorClassIdentifier: 
  m_UiScaleMode: 0
  m_ReferencePixelsPerUnit: 100
  m_ScaleFactor: 1
  m_ReferenceResolution: {x: 800, y: 600}
  m_ScreenMatchMode: 0
  m_MatchWidthOrHeight: 0
  m_PhysicalUnit: 3
  m_FallbackScreenDPI: 96
  m_DefaultSpriteDPI: 96
  m_DynamicPixelsPerUnit: 1
--- !u!223 &1488635217
Canvas:
  m_ObjectHideFlags: 0
  m_PrefabParentObject: {fileID: 0}
  m_PrefabInternal: {fileID: 0}
  m_GameObject: {fileID: 1488635213}
  m_Enabled: 1
  serializedVersion: 3
  m_RenderMode: 0
  m_Camera: {fileID: 0}
  m_PlaneDistance: 100
  m_PixelPerfect: 0
  m_ReceivesEvents: 1
  m_OverrideSorting: 0
  m_OverridePixelPerfect: 0
  m_SortingBucketNormalizedSize: 0
  m_AdditionalShaderChannelsFlag: 0
  m_SortingLayerID: 0
  m_SortingOrder: 0
  m_TargetDisplay: 0
--- !u!1001 &1557849928
Prefab:
  m_ObjectHideFlags: 0
  serializedVersion: 2
  m_Modification:
    m_TransformParent: {fileID: 1251965952}
    m_Modifications:
    - target: {fileID: 4751700074562498, guid: b334f4f47150a0847a69599efb135536, type: 2}
      propertyPath: m_LocalPosition.x
      value: 0
      objectReference: {fileID: 0}
    - target: {fileID: 4751700074562498, guid: b334f4f47150a0847a69599efb135536, type: 2}
      propertyPath: m_LocalPosition.y
      value: 0
      objectReference: {fileID: 0}
    - target: {fileID: 4751700074562498, guid: b334f4f47150a0847a69599efb135536, type: 2}
      propertyPath: m_LocalPosition.z
      value: 0
      objectReference: {fileID: 0}
    - target: {fileID: 4751700074562498, guid: b334f4f47150a0847a69599efb135536, type: 2}
      propertyPath: m_LocalRotation.x
      value: -0
      objectReference: {fileID: 0}
    - target: {fileID: 4751700074562498, guid: b334f4f47150a0847a69599efb135536, type: 2}
      propertyPath: m_LocalRotation.y
      value: -0
      objectReference: {fileID: 0}
    - target: {fileID: 4751700074562498, guid: b334f4f47150a0847a69599efb135536, type: 2}
      propertyPath: m_LocalRotation.z
      value: -0
      objectReference: {fileID: 0}
    - target: {fileID: 4751700074562498, guid: b334f4f47150a0847a69599efb135536, type: 2}
      propertyPath: m_LocalRotation.w
      value: 1
      objectReference: {fileID: 0}
    - target: {fileID: 4751700074562498, guid: b334f4f47150a0847a69599efb135536, type: 2}
      propertyPath: m_RootOrder
      value: 4
      objectReference: {fileID: 0}
    - target: {fileID: 1901553579682354, guid: b334f4f47150a0847a69599efb135536, type: 2}
      propertyPath: m_IsActive
      value: 0
      objectReference: {fileID: 0}
    m_RemovedComponents: []
  m_ParentPrefab: {fileID: 100100000, guid: b334f4f47150a0847a69599efb135536, type: 2}
  m_IsPrefabParent: 0
--- !u!4 &1557849929 stripped
Transform:
  m_PrefabParentObject: {fileID: 4751700074562498, guid: b334f4f47150a0847a69599efb135536,
    type: 2}
  m_PrefabInternal: {fileID: 1557849928}
--- !u!4 &1586022105 stripped
Transform:
  m_PrefabParentObject: {fileID: 4085848092356786, guid: c14ab6d576162f94eb688c387ea8b9a7,
    type: 2}
  m_PrefabInternal: {fileID: 1842443144}
--- !u!1 &1628117619
GameObject:
  m_ObjectHideFlags: 0
  m_PrefabParentObject: {fileID: 0}
  m_PrefabInternal: {fileID: 0}
  serializedVersion: 5
  m_Component:
  - component: {fileID: 1628117620}
  - component: {fileID: 1628117621}
  m_Layer: 0
  m_Name: ArmyTest
  m_TagString: Untagged
  m_Icon: {fileID: 0}
  m_NavMeshLayer: 0
  m_StaticEditorFlags: 0
  m_IsActive: 0
--- !u!4 &1628117620
Transform:
  m_ObjectHideFlags: 0
  m_PrefabParentObject: {fileID: 0}
  m_PrefabInternal: {fileID: 0}
  m_GameObject: {fileID: 1628117619}
  m_LocalRotation: {x: 0, y: 0, z: 0, w: 1}
  m_LocalPosition: {x: 0, y: 0, z: 0}
  m_LocalScale: {x: 1, y: 1, z: 1}
  m_Children:
  - {fileID: 286384106}
  m_Father: {fileID: 1251965952}
  m_RootOrder: 1
  m_LocalEulerAnglesHint: {x: 0, y: 0, z: 0}
--- !u!114 &1628117621
MonoBehaviour:
  m_ObjectHideFlags: 0
  m_PrefabParentObject: {fileID: 0}
  m_PrefabInternal: {fileID: 0}
  m_GameObject: {fileID: 1628117619}
  m_Enabled: 1
  m_EditorHideFlags: 0
  m_Script: {fileID: 11500000, guid: a284c754a38fc154ca0650560064a7c9, type: 3}
  m_Name: 
  m_EditorClassIdentifier: 
  armyView: {fileID: 995053353}
--- !u!4 &1648063296 stripped
Transform:
  m_PrefabParentObject: {fileID: 4391260798104594, guid: 9cdda7812baa287408c0fd61b2385d31,
    type: 2}
  m_PrefabInternal: {fileID: 1231149374}
--- !u!1001 &1668836147
Prefab:
  m_ObjectHideFlags: 0
  serializedVersion: 2
  m_Modification:
    m_TransformParent: {fileID: 136199593}
    m_Modifications:
    - target: {fileID: 4458010503292738, guid: 39fece1411cca064da377be2b492be37, type: 2}
      propertyPath: m_LocalPosition.x
      value: 0
      objectReference: {fileID: 0}
    - target: {fileID: 4458010503292738, guid: 39fece1411cca064da377be2b492be37, type: 2}
      propertyPath: m_LocalPosition.y
      value: 0
      objectReference: {fileID: 0}
    - target: {fileID: 4458010503292738, guid: 39fece1411cca064da377be2b492be37, type: 2}
      propertyPath: m_LocalPosition.z
      value: 0
      objectReference: {fileID: 0}
    - target: {fileID: 4458010503292738, guid: 39fece1411cca064da377be2b492be37, type: 2}
      propertyPath: m_LocalRotation.x
      value: -0
      objectReference: {fileID: 0}
    - target: {fileID: 4458010503292738, guid: 39fece1411cca064da377be2b492be37, type: 2}
      propertyPath: m_LocalRotation.y
      value: -0
      objectReference: {fileID: 0}
    - target: {fileID: 4458010503292738, guid: 39fece1411cca064da377be2b492be37, type: 2}
      propertyPath: m_LocalRotation.z
      value: -0
      objectReference: {fileID: 0}
    - target: {fileID: 4458010503292738, guid: 39fece1411cca064da377be2b492be37, type: 2}
      propertyPath: m_LocalRotation.w
      value: 1
      objectReference: {fileID: 0}
    - target: {fileID: 4458010503292738, guid: 39fece1411cca064da377be2b492be37, type: 2}
      propertyPath: m_RootOrder
      value: 0
      objectReference: {fileID: 0}
    - target: {fileID: 1027316893495042, guid: 39fece1411cca064da377be2b492be37, type: 2}
      propertyPath: m_IsActive
      value: 0
      objectReference: {fileID: 0}
    m_RemovedComponents: []
  m_ParentPrefab: {fileID: 100100000, guid: 39fece1411cca064da377be2b492be37, type: 2}
  m_IsPrefabParent: 0
--- !u!114 &1678572921 stripped
MonoBehaviour:
  m_PrefabParentObject: {fileID: 114456090419578694, guid: c14ab6d576162f94eb688c387ea8b9a7,
    type: 2}
  m_PrefabInternal: {fileID: 1032308010}
  m_Script: {fileID: 11500000, guid: 546afb9423645c142b67198ac572c387, type: 3}
--- !u!4 &1710230263 stripped
Transform:
  m_PrefabParentObject: {fileID: 4085848092356786, guid: c14ab6d576162f94eb688c387ea8b9a7,
    type: 2}
  m_PrefabInternal: {fileID: 1032308010}
--- !u!1001 &1715664284
Prefab:
  m_ObjectHideFlags: 0
  serializedVersion: 2
  m_Modification:
    m_TransformParent: {fileID: 276482029}
    m_Modifications:
    - target: {fileID: 4751700074562498, guid: b334f4f47150a0847a69599efb135536, type: 2}
      propertyPath: m_LocalPosition.x
      value: 1.69
      objectReference: {fileID: 0}
    - target: {fileID: 4751700074562498, guid: b334f4f47150a0847a69599efb135536, type: 2}
      propertyPath: m_LocalPosition.y
      value: 2.47
      objectReference: {fileID: 0}
    - target: {fileID: 4751700074562498, guid: b334f4f47150a0847a69599efb135536, type: 2}
      propertyPath: m_LocalPosition.z
      value: 0
      objectReference: {fileID: 0}
    - target: {fileID: 4751700074562498, guid: b334f4f47150a0847a69599efb135536, type: 2}
      propertyPath: m_LocalRotation.x
      value: -0
      objectReference: {fileID: 0}
    - target: {fileID: 4751700074562498, guid: b334f4f47150a0847a69599efb135536, type: 2}
      propertyPath: m_LocalRotation.y
      value: -0
      objectReference: {fileID: 0}
    - target: {fileID: 4751700074562498, guid: b334f4f47150a0847a69599efb135536, type: 2}
      propertyPath: m_LocalRotation.z
      value: -0
      objectReference: {fileID: 0}
    - target: {fileID: 4751700074562498, guid: b334f4f47150a0847a69599efb135536, type: 2}
      propertyPath: m_LocalRotation.w
      value: 1
      objectReference: {fileID: 0}
    - target: {fileID: 4751700074562498, guid: b334f4f47150a0847a69599efb135536, type: 2}
      propertyPath: m_RootOrder
      value: 1
      objectReference: {fileID: 0}
    - target: {fileID: 1901553579682354, guid: b334f4f47150a0847a69599efb135536, type: 2}
      propertyPath: m_Name
      value: Encounter (1)
      objectReference: {fileID: 0}
    - target: {fileID: 114447624762425636, guid: b334f4f47150a0847a69599efb135536,
        type: 2}
      propertyPath: Difficulty
      value: 1
      objectReference: {fileID: 0}
    - target: {fileID: 1901553579682354, guid: b334f4f47150a0847a69599efb135536, type: 2}
      propertyPath: m_IsActive
      value: 1
      objectReference: {fileID: 0}
    - target: {fileID: 114447624762425636, guid: b334f4f47150a0847a69599efb135536,
        type: 2}
      propertyPath: size
      value: 2
      objectReference: {fileID: 0}
    m_RemovedComponents: []
  m_ParentPrefab: {fileID: 100100000, guid: b334f4f47150a0847a69599efb135536, type: 2}
  m_IsPrefabParent: 0
--- !u!4 &1715664285 stripped
Transform:
  m_PrefabParentObject: {fileID: 4751700074562498, guid: b334f4f47150a0847a69599efb135536,
    type: 2}
  m_PrefabInternal: {fileID: 1715664284}
--- !u!1 &1783556248
GameObject:
  m_ObjectHideFlags: 0
  m_PrefabParentObject: {fileID: 1254232649867082, guid: 0d7ed0b81cc550f41bdd25fc8fce5fc9,
    type: 2}
  m_PrefabInternal: {fileID: 0}
  serializedVersion: 5
  m_Component:
  - component: {fileID: 1783556249}
  - component: {fileID: 1783556250}
  m_Layer: 0
  m_Name: Constants
  m_TagString: Untagged
  m_Icon: {fileID: 0}
  m_NavMeshLayer: 0
  m_StaticEditorFlags: 0
  m_IsActive: 1
--- !u!4 &1783556249
Transform:
  m_ObjectHideFlags: 0
  m_PrefabParentObject: {fileID: 4195607889620634, guid: 0d7ed0b81cc550f41bdd25fc8fce5fc9,
    type: 2}
  m_PrefabInternal: {fileID: 0}
  m_GameObject: {fileID: 1783556248}
  m_LocalRotation: {x: 0, y: 0, z: 0, w: 1}
  m_LocalPosition: {x: 0, y: 0, z: 0}
  m_LocalScale: {x: 1, y: 1, z: 1}
  m_Children: []
  m_Father: {fileID: 1861144167}
  m_RootOrder: 1
  m_LocalEulerAnglesHint: {x: 0, y: 0, z: 0}
--- !u!114 &1783556250
MonoBehaviour:
  m_ObjectHideFlags: 0
  m_PrefabParentObject: {fileID: 0}
  m_PrefabInternal: {fileID: 0}
  m_GameObject: {fileID: 1783556248}
  m_Enabled: 1
  m_EditorHideFlags: 0
  m_Script: {fileID: 11500000, guid: 7fb53941a2bf3e0478c043347f437017, type: 3}
  m_Name: 
  m_EditorClassIdentifier: 
  UnitTypes:
  - name: 0
    baseTexture: {fileID: 21300000, guid: 3dc25269843f7834d98daf8b30d68e58, type: 3}
    deadTexture: {fileID: 21300000, guid: bbeaa1915238e26448f2b2593406048b, type: 3}
    baseHP: 4
    baseDmg: 3
    baseArmor: 0
    baseInitiative: 12
  - name: 1
    baseTexture: {fileID: 21300000, guid: aad8033a37802764baaa2979f5fa102f, type: 3}
    deadTexture: {fileID: 21300000, guid: 52e52d426657f6947a94f86ef061e896, type: 3}
    baseHP: 20
    baseDmg: 4
    baseArmor: 0
    baseInitiative: 1
  - name: 5
    baseTexture: {fileID: 21300000, guid: cdd64d06165e2284980f136a955c19cf, type: 3}
    deadTexture: {fileID: 21300000, guid: bbeaa1915238e26448f2b2593406048b, type: 3}
    baseHP: 8
    baseDmg: 5
    baseArmor: 0
    baseInitiative: 10
  - name: 2
    baseTexture: {fileID: 21300000, guid: 3443bcaab3bf1c04f9026f72e563c018, type: 3}
    deadTexture: {fileID: 21300000, guid: bbeaa1915238e26448f2b2593406048b, type: 3}
    baseHP: 6
    baseDmg: 3
    baseArmor: 0
    baseInitiative: 7
  - name: 6
    baseTexture: {fileID: 21300000, guid: 91a5aa09273a0a24d9c58f317180ddb9, type: 3}
    deadTexture: {fileID: 21300000, guid: bbeaa1915238e26448f2b2593406048b, type: 3}
    baseHP: 6
    baseDmg: 2
    baseArmor: 0
    baseInitiative: 3
--- !u!1001 &1842443144
Prefab:
  m_ObjectHideFlags: 0
  serializedVersion: 2
  m_Modification:
    m_TransformParent: {fileID: 613557505}
    m_Modifications:
    - target: {fileID: 4085848092356786, guid: c14ab6d576162f94eb688c387ea8b9a7, type: 2}
      propertyPath: m_LocalPosition.x
      value: 0
      objectReference: {fileID: 0}
    - target: {fileID: 4085848092356786, guid: c14ab6d576162f94eb688c387ea8b9a7, type: 2}
      propertyPath: m_LocalPosition.y
      value: 0
      objectReference: {fileID: 0}
    - target: {fileID: 4085848092356786, guid: c14ab6d576162f94eb688c387ea8b9a7, type: 2}
      propertyPath: m_LocalPosition.z
      value: 0
      objectReference: {fileID: 0}
    - target: {fileID: 4085848092356786, guid: c14ab6d576162f94eb688c387ea8b9a7, type: 2}
      propertyPath: m_LocalRotation.x
      value: -0
      objectReference: {fileID: 0}
    - target: {fileID: 4085848092356786, guid: c14ab6d576162f94eb688c387ea8b9a7, type: 2}
      propertyPath: m_LocalRotation.y
      value: -0
      objectReference: {fileID: 0}
    - target: {fileID: 4085848092356786, guid: c14ab6d576162f94eb688c387ea8b9a7, type: 2}
      propertyPath: m_LocalRotation.z
      value: -0
      objectReference: {fileID: 0}
    - target: {fileID: 4085848092356786, guid: c14ab6d576162f94eb688c387ea8b9a7, type: 2}
      propertyPath: m_LocalRotation.w
      value: 1
      objectReference: {fileID: 0}
    - target: {fileID: 4085848092356786, guid: c14ab6d576162f94eb688c387ea8b9a7, type: 2}
      propertyPath: m_RootOrder
      value: 0
      objectReference: {fileID: 0}
    - target: {fileID: 224330235073595764, guid: c14ab6d576162f94eb688c387ea8b9a7,
        type: 2}
      propertyPath: m_AnchorMin.y
      value: 0
      objectReference: {fileID: 0}
    - target: {fileID: 224330235073595764, guid: c14ab6d576162f94eb688c387ea8b9a7,
        type: 2}
      propertyPath: m_AnchorMax.y
      value: 0
      objectReference: {fileID: 0}
    - target: {fileID: 224330235073595764, guid: c14ab6d576162f94eb688c387ea8b9a7,
        type: 2}
      propertyPath: m_AnchoredPosition.x
      value: 0
      objectReference: {fileID: 0}
    - target: {fileID: 224330235073595764, guid: c14ab6d576162f94eb688c387ea8b9a7,
        type: 2}
      propertyPath: m_AnchoredPosition.y
      value: -25
      objectReference: {fileID: 0}
    - target: {fileID: 224252121329408882, guid: c14ab6d576162f94eb688c387ea8b9a7,
        type: 2}
      propertyPath: m_AnchorMin.y
      value: 0
      objectReference: {fileID: 0}
    - target: {fileID: 224252121329408882, guid: c14ab6d576162f94eb688c387ea8b9a7,
        type: 2}
      propertyPath: m_AnchorMax.y
      value: 0
      objectReference: {fileID: 0}
    - target: {fileID: 224252121329408882, guid: c14ab6d576162f94eb688c387ea8b9a7,
        type: 2}
      propertyPath: m_AnchoredPosition.x
      value: 0
      objectReference: {fileID: 0}
    - target: {fileID: 224252121329408882, guid: c14ab6d576162f94eb688c387ea8b9a7,
        type: 2}
      propertyPath: m_AnchoredPosition.y
      value: -25
      objectReference: {fileID: 0}
    - target: {fileID: 224733556427976796, guid: c14ab6d576162f94eb688c387ea8b9a7,
        type: 2}
      propertyPath: m_AnchorMin.y
      value: 0
      objectReference: {fileID: 0}
    - target: {fileID: 224733556427976796, guid: c14ab6d576162f94eb688c387ea8b9a7,
        type: 2}
      propertyPath: m_AnchorMax.y
      value: 0
      objectReference: {fileID: 0}
    - target: {fileID: 224733556427976796, guid: c14ab6d576162f94eb688c387ea8b9a7,
        type: 2}
      propertyPath: m_AnchoredPosition.x
      value: 0
      objectReference: {fileID: 0}
    - target: {fileID: 224733556427976796, guid: c14ab6d576162f94eb688c387ea8b9a7,
        type: 2}
      propertyPath: m_AnchoredPosition.y
      value: -25
      objectReference: {fileID: 0}
    - target: {fileID: 224089010357799126, guid: c14ab6d576162f94eb688c387ea8b9a7,
        type: 2}
      propertyPath: m_AnchorMin.y
      value: 0
      objectReference: {fileID: 0}
    - target: {fileID: 224089010357799126, guid: c14ab6d576162f94eb688c387ea8b9a7,
        type: 2}
      propertyPath: m_AnchorMax.y
      value: 0
      objectReference: {fileID: 0}
    - target: {fileID: 224089010357799126, guid: c14ab6d576162f94eb688c387ea8b9a7,
        type: 2}
      propertyPath: m_AnchoredPosition.x
      value: 0
      objectReference: {fileID: 0}
    - target: {fileID: 224089010357799126, guid: c14ab6d576162f94eb688c387ea8b9a7,
        type: 2}
      propertyPath: m_AnchoredPosition.y
      value: -25
      objectReference: {fileID: 0}
    - target: {fileID: 224192160008311110, guid: c14ab6d576162f94eb688c387ea8b9a7,
        type: 2}
      propertyPath: m_AnchorMin.y
      value: 0
      objectReference: {fileID: 0}
    - target: {fileID: 224192160008311110, guid: c14ab6d576162f94eb688c387ea8b9a7,
        type: 2}
      propertyPath: m_AnchorMax.y
      value: 0
      objectReference: {fileID: 0}
    - target: {fileID: 224192160008311110, guid: c14ab6d576162f94eb688c387ea8b9a7,
        type: 2}
      propertyPath: m_AnchoredPosition.x
      value: 0
      objectReference: {fileID: 0}
    - target: {fileID: 224192160008311110, guid: c14ab6d576162f94eb688c387ea8b9a7,
        type: 2}
      propertyPath: m_AnchoredPosition.y
      value: -25
      objectReference: {fileID: 0}
    - target: {fileID: 224965260611093202, guid: c14ab6d576162f94eb688c387ea8b9a7,
        type: 2}
      propertyPath: m_AnchorMin.y
      value: 0
      objectReference: {fileID: 0}
    - target: {fileID: 224965260611093202, guid: c14ab6d576162f94eb688c387ea8b9a7,
        type: 2}
      propertyPath: m_AnchorMax.y
      value: 0
      objectReference: {fileID: 0}
    - target: {fileID: 224965260611093202, guid: c14ab6d576162f94eb688c387ea8b9a7,
        type: 2}
      propertyPath: m_AnchoredPosition.x
      value: 0
      objectReference: {fileID: 0}
    - target: {fileID: 224965260611093202, guid: c14ab6d576162f94eb688c387ea8b9a7,
        type: 2}
      propertyPath: m_AnchoredPosition.y
      value: -45
      objectReference: {fileID: 0}
    - target: {fileID: 224965260611093202, guid: c14ab6d576162f94eb688c387ea8b9a7,
        type: 2}
      propertyPath: m_SizeDelta.x
      value: 0
      objectReference: {fileID: 0}
    - target: {fileID: 224965260611093202, guid: c14ab6d576162f94eb688c387ea8b9a7,
        type: 2}
      propertyPath: m_SizeDelta.y
      value: 50
      objectReference: {fileID: 0}
    - target: {fileID: 224281670688406834, guid: c14ab6d576162f94eb688c387ea8b9a7,
        type: 2}
      propertyPath: m_AnchorMin.y
      value: 0
      objectReference: {fileID: 0}
    - target: {fileID: 224281670688406834, guid: c14ab6d576162f94eb688c387ea8b9a7,
        type: 2}
      propertyPath: m_AnchorMax.y
      value: 0
      objectReference: {fileID: 0}
    - target: {fileID: 224281670688406834, guid: c14ab6d576162f94eb688c387ea8b9a7,
        type: 2}
      propertyPath: m_AnchoredPosition.x
      value: 0
      objectReference: {fileID: 0}
    - target: {fileID: 224281670688406834, guid: c14ab6d576162f94eb688c387ea8b9a7,
        type: 2}
      propertyPath: m_AnchoredPosition.y
      value: -100
      objectReference: {fileID: 0}
    - target: {fileID: 224281670688406834, guid: c14ab6d576162f94eb688c387ea8b9a7,
        type: 2}
      propertyPath: m_SizeDelta.x
      value: 0
      objectReference: {fileID: 0}
    - target: {fileID: 224281670688406834, guid: c14ab6d576162f94eb688c387ea8b9a7,
        type: 2}
      propertyPath: m_SizeDelta.y
      value: 50
      objectReference: {fileID: 0}
    - target: {fileID: 224751731418794142, guid: c14ab6d576162f94eb688c387ea8b9a7,
        type: 2}
      propertyPath: m_AnchorMin.y
      value: 0
      objectReference: {fileID: 0}
    - target: {fileID: 224751731418794142, guid: c14ab6d576162f94eb688c387ea8b9a7,
        type: 2}
      propertyPath: m_AnchorMax.y
      value: 0
      objectReference: {fileID: 0}
    - target: {fileID: 224751731418794142, guid: c14ab6d576162f94eb688c387ea8b9a7,
        type: 2}
      propertyPath: m_AnchoredPosition.x
      value: 0
      objectReference: {fileID: 0}
    - target: {fileID: 224751731418794142, guid: c14ab6d576162f94eb688c387ea8b9a7,
        type: 2}
      propertyPath: m_AnchoredPosition.y
      value: -131.5
      objectReference: {fileID: 0}
    - target: {fileID: 224751731418794142, guid: c14ab6d576162f94eb688c387ea8b9a7,
        type: 2}
      propertyPath: m_SizeDelta.x
      value: 0
      objectReference: {fileID: 0}
    - target: {fileID: 224751731418794142, guid: c14ab6d576162f94eb688c387ea8b9a7,
        type: 2}
      propertyPath: m_SizeDelta.y
      value: 3
      objectReference: {fileID: 0}
    m_RemovedComponents: []
  m_ParentPrefab: {fileID: 100100000, guid: c14ab6d576162f94eb688c387ea8b9a7, type: 2}
  m_IsPrefabParent: 0
--- !u!1 &1861144166
GameObject:
  m_ObjectHideFlags: 0
  m_PrefabParentObject: {fileID: 0}
  m_PrefabInternal: {fileID: 0}
  serializedVersion: 5
  m_Component:
  - component: {fileID: 1861144167}
  m_Layer: 0
  m_Name: Config
  m_TagString: Untagged
  m_Icon: {fileID: 0}
  m_NavMeshLayer: 0
  m_StaticEditorFlags: 0
  m_IsActive: 1
--- !u!4 &1861144167
Transform:
  m_ObjectHideFlags: 0
  m_PrefabParentObject: {fileID: 0}
  m_PrefabInternal: {fileID: 0}
  m_GameObject: {fileID: 1861144166}
  m_LocalRotation: {x: 0, y: 0, z: 0, w: 1}
  m_LocalPosition: {x: 0, y: 0, z: 0}
  m_LocalScale: {x: 1, y: 1, z: 1}
  m_Children:
  - {fileID: 206738346}
  - {fileID: 1783556249}
  - {fileID: 1993385431}
  - {fileID: 681986736}
  m_Father: {fileID: 0}
  m_RootOrder: 4
  m_LocalEulerAnglesHint: {x: 0, y: 0, z: 0}
--- !u!1 &1993385430
GameObject:
  m_ObjectHideFlags: 0
  m_PrefabParentObject: {fileID: 0}
  m_PrefabInternal: {fileID: 0}
  serializedVersion: 5
  m_Component:
  - component: {fileID: 1993385431}
  - component: {fileID: 1993385432}
  m_Layer: 0
  m_Name: Battle
  m_TagString: Untagged
  m_Icon: {fileID: 0}
  m_NavMeshLayer: 0
  m_StaticEditorFlags: 0
  m_IsActive: 1
--- !u!4 &1993385431
Transform:
  m_ObjectHideFlags: 0
  m_PrefabParentObject: {fileID: 0}
  m_PrefabInternal: {fileID: 0}
  m_GameObject: {fileID: 1993385430}
  m_LocalRotation: {x: -0, y: -0, z: -0, w: 1}
  m_LocalPosition: {x: 0, y: 0, z: 0}
  m_LocalScale: {x: 1, y: 1, z: 1}
  m_Children: []
  m_Father: {fileID: 1861144167}
  m_RootOrder: 2
  m_LocalEulerAnglesHint: {x: 0, y: 0, z: 0}
--- !u!114 &1993385432
MonoBehaviour:
  m_ObjectHideFlags: 0
  m_PrefabParentObject: {fileID: 0}
  m_PrefabInternal: {fileID: 0}
  m_GameObject: {fileID: 1993385430}
  m_Enabled: 1
  m_EditorHideFlags: 0
  m_Script: {fileID: 11500000, guid: 8f2304688bdbef9419bfbacde7a0b2fc, type: 3}
  m_Name: 
  m_EditorClassIdentifier: 
--- !u!1001 &2010714111
Prefab:
  m_ObjectHideFlags: 0
  serializedVersion: 2
  m_Modification:
    m_TransformParent: {fileID: 276482029}
    m_Modifications:
    - target: {fileID: 4994152878847562, guid: f7904881ea4183c44bc30fcc160d425f, type: 2}
      propertyPath: m_LocalPosition.x
      value: 0
      objectReference: {fileID: 0}
    - target: {fileID: 4994152878847562, guid: f7904881ea4183c44bc30fcc160d425f, type: 2}
      propertyPath: m_LocalPosition.y
      value: 0
      objectReference: {fileID: 0}
    - target: {fileID: 4994152878847562, guid: f7904881ea4183c44bc30fcc160d425f, type: 2}
      propertyPath: m_LocalPosition.z
      value: 0
      objectReference: {fileID: 0}
    - target: {fileID: 4994152878847562, guid: f7904881ea4183c44bc30fcc160d425f, type: 2}
      propertyPath: m_LocalRotation.x
      value: -0
      objectReference: {fileID: 0}
    - target: {fileID: 4994152878847562, guid: f7904881ea4183c44bc30fcc160d425f, type: 2}
      propertyPath: m_LocalRotation.y
      value: -0
      objectReference: {fileID: 0}
    - target: {fileID: 4994152878847562, guid: f7904881ea4183c44bc30fcc160d425f, type: 2}
      propertyPath: m_LocalRotation.z
      value: -0
      objectReference: {fileID: 0}
    - target: {fileID: 4994152878847562, guid: f7904881ea4183c44bc30fcc160d425f, type: 2}
      propertyPath: m_LocalRotation.w
      value: 1
      objectReference: {fileID: 0}
    - target: {fileID: 4994152878847562, guid: f7904881ea4183c44bc30fcc160d425f, type: 2}
      propertyPath: m_RootOrder
      value: 4
      objectReference: {fileID: 0}
    - target: {fileID: 114303770567556900, guid: f7904881ea4183c44bc30fcc160d425f,
        type: 2}
      propertyPath: unitFactory
      value: 
      objectReference: {fileID: 888342428}
    - target: {fileID: 114303770567556900, guid: f7904881ea4183c44bc30fcc160d425f,
        type: 2}
      propertyPath: player
      value: 
      objectReference: {fileID: 617882620}
    m_RemovedComponents: []
  m_ParentPrefab: {fileID: 100100000, guid: f7904881ea4183c44bc30fcc160d425f, type: 2}
  m_IsPrefabParent: 0
--- !u!114 &2030233273 stripped
MonoBehaviour:
  m_PrefabParentObject: {fileID: 114447624762425636, guid: b334f4f47150a0847a69599efb135536,
    type: 2}
  m_PrefabInternal: {fileID: 1129437707}
  m_Script: {fileID: 11500000, guid: de969baceeb1622419f95691ed8a9404, type: 3}
